<?xml version="1.0" encoding="UTF-8"?><collection xmlns="http://www.loc.gov/MARC21/slim"><record><leader>00416nam--2200133-i-4500</leader><controlfield tag="001">000033160</controlfield><controlfield tag="002">20161230</controlfield><controlfield tag="005">20161230201039</controlfield><controlfield tag="008">060222s1000------------r-----000-0-eng-d</controlfield><datafield ind1=" " ind2=" " tag="100"><subfield code="a">Melander, Lars C.S</subfield></datafield><datafield ind1=" " ind2=" " tag="245"><subfield code="a">The use of nuclides in the determination of organic reaction mechanisms</subfield></datafield><datafield ind1=" " ind2=" " tag="260"><subfield code="a">Notre Dame, Indiana, University Press, 1955. 96p</subfield></datafield><datafield ind1=" " ind2=" " tag="490"><subfield code="a">The Peter C.Reilly Lectures In Chemistry</subfield></datafield><datafield ind1=" " ind2=" " tag="852"><subfield code="a">16836</subfield></datafield></record></collection>